@online{mondointernazionale: inquinamento acustico marino, 
	title       = {\Inquinamentoacusticomarinoèinvisibilemaesiste {} su Mondo Internazionale},
	date      = {2021}, 
	url         = {https://mondointernazionale.org/post/inquinamento-acustico-marino-C3A8-invisibile-ma-esiste},
	sortkey  = {mondointernazionale},
	label 	    = {mondointernazionale},
}

@online{scienza per tutti: l'idrofono 
	title       = {\lidrofono {} su Scienza per tutti},
	date      = {2024}, 
	url         = {https://scienzapertutti.infn.it/schede-approfondimento/1667-lidrofono},
	sortkey  = {scienzapertutti},
	label 	    = {scienzapertutti},
}
@online{britannica: sonar
	title       = {\sonar {} su britannica},
	date      = {2024}, 
	url         = {https://www.britannica.com/technology/sonar},
	sortkey  = {britannica},
	label 	    = {britannica},
}

@online{wiki:Sonar
	title 	= {\Sonar{} su Wikipedia},
	date 	= {2024},
	url 	= {https://it.wikipedia.org/wiki/Sonar},
	sortkey = {wiki},
	label 	= {wiki},
}

@online{arpaFVG:monitoraggio clima acustico 
	title 	= {\MonitoraggiodelClimaacusticosubacqueo{} su ArpaFVG},
	date 	= {2024},
	url 	= {https://www.arpa.fvg.it/temi/temi/acqua/ultimi-pubblicati/monitoraggio-del-clima-acustico-subacqueo/},
	sortkey = {arpafvg},
	label 	= {arpafvg},
}

@online{snpambiente: Indagine sulle criticità relative all’applicazione dei valori limite vigenti in materia di inquinamento acustico 
	title 	= {\Indaginesullecriticitàrelativeallapplicazionedeivalorilimitevigentiinmateriadiinquinamentoacusticoo{} su 			                      snpambiente},
	date 	= {2023},
	url 	= {https://www.snpambiente.it/snpa/indagine-sulle-criticita-relative-allapplicazione-dei-valori-limite-vigenti-in-	      materia-di-inquinamento-acustico/},
	sortkey = {snpambiente},
	label 	= {snpambiente},
}
@article{Fossati:Ricerca sul rumore,
author = {Fossati,Pavan,Manghi},
title = {\Relazionetecnicasullavalutazionedellimpattoacusticomarino},
journaltitle ={\IronSolar},
number = {30},
date = {2022},
}
